<?xml version="1.0" encoding="UTF-8"?><collection xmlns="http://www.loc.gov/MARC21/slim"><record><leader>00451nam--2200121-i-4500</leader><controlfield tag="001">000032826</controlfield><controlfield tag="002">20161230</controlfield><controlfield tag="005">20161230201039</controlfield><controlfield tag="008">060222s1000------------r-----000-0-eng-d</controlfield><datafield ind1=" " ind2=" " tag="080"><subfield code="a">614.876539.1.08</subfield></datafield><datafield ind1=" " ind2=" " tag="245"><subfield code="a">Methodes fondamentales pour l`analyse de securite et le controle des produits et apareils contenant des radionucleides mis a la disposition du public</subfield></datafield><datafield ind1=" " ind2=" " tag="260"><subfield code="a">Paris, Agence Europenne Pour L`Energie Nucleaire, Ocde. 1970. 33p</subfield></datafield><datafield ind1=" " ind2=" " tag="852"><subfield code="a">33949</subfield></datafield></record></collection>